<record><leader>00000cas a2200000 a 4500</leader><controlfield tag="001">45566366</controlfield><controlfield tag="008">001214d183u183unyudn ne      0    0eng c</controlfield><datafield ind1=" " ind2=" " tag="010"><subfield code="a">sn 00063032 </subfield></datafield><datafield ind1=" " ind2=" " tag="040"><subfield code="a">NYS</subfield><subfield code="b">eng</subfield><subfield code="c">NYS</subfield><subfield code="d">OCLCQ</subfield><subfield code="d">OCLCF</subfield><subfield code="d">OCLCO</subfield></datafield><datafield ind1="1" ind2=" " tag="029"><subfield code="a">AU@</subfield><subfield code="b">000022256975</subfield></datafield><datafield ind1=" " ind2=" " tag="042"><subfield code="a">pcc</subfield></datafield><datafield ind1=" " ind2=" " tag="043"><subfield code="a">n-us-ny</subfield></datafield><datafield ind1="0" ind2=" " tag="130"><subfield code="a">New York transcript (New York, N.Y. : 1839)</subfield></datafield><datafield ind1="1" ind2="0" tag="245"><subfield code="a">New York transcript.</subfield></datafield><datafield ind1="3" ind2="0" tag="246"><subfield code="a">Transcript</subfield></datafield><datafield ind1=" " ind2=" " tag="260"><subfield code="a">New York [N.Y. :</subfield><subfield code="b">S.n.]</subfield></datafield><datafield ind1=" " ind2=" " tag="300"><subfield code="a">v. :</subfield><subfield code="b">ill.</subfield></datafield><datafield ind1=" " ind2=" " tag="310"><subfield code="a">Daily (except Sunday)</subfield></datafield><datafield ind1=" " ind2=" " tag="588"><subfield code="a">Description based on: Vol. 7, no. 270 (Feb. 21, 1839).</subfield></datafield><datafield ind1=" " ind2=" " tag="588"><subfield code="a">Latest issue consulted: Vol. 7, no. 301 (Mar. 26, 1839).</subfield></datafield><datafield ind1=" " ind2="0" tag="651"><subfield code="a">New York (N.Y.)</subfield><subfield code="v">Newspapers.</subfield></datafield><datafield ind1=" " ind2="0" tag="651"><subfield code="a">New York County (N.Y.)</subfield><subfield code="v">Newspapers.</subfield></datafield><datafield ind1=" " ind2="7" tag="655"><subfield code="a">Newspapers.</subfield><subfield code="2">fast</subfield><subfield code="0">(OCoLC)fst01423814</subfield></datafield><datafield ind1=" " ind2="7" tag="651"><subfield code="a">New York (State)</subfield><subfield code="z">New York.</subfield><subfield code="2">fast</subfield><subfield code="0">(OCoLC)fst01204333</subfield></datafield><datafield ind1=" " ind2="7" tag="651"><subfield code="a">New York (State)</subfield><subfield code="z">New York County.</subfield><subfield code="2">fast</subfield><subfield code="0">(OCoLC)fst01234953</subfield></datafield><datafield ind1=" " ind2=" " tag="752"><subfield code="a">United States</subfield><subfield code="b">New York</subfield><subfield code="c">New York</subfield><subfield code="d">New York.</subfield></datafield><datafield ind1="0" ind2=" " tag="775"><subfield code="t">Weekly transcript (New York, N.Y.)</subfield><subfield code="w">(DLC)sn 83030664</subfield><subfield code="w">(OCoLC)9625184</subfield></datafield><datafield ind1="0" ind2="0" tag="780"><subfield code="t">Transcript (New York, N.Y. : 1837)</subfield><subfield code="w">(DLC)sn 00063031</subfield><subfield code="w">(OCoLC)45564807</subfield></datafield><datafield ind1="0" ind2="0" tag="785"><subfield code="t">Transcript and wasp</subfield><subfield code="w">(DLC)sn 86071802</subfield><subfield code="w">(OCoLC)14038709</subfield></datafield></record>